<?xml version="1.0" encoding="UTF-8"?><collection xmlns="http://www.loc.gov/MARC21/slim"><record><leader>00526nam--2200193-u-4500</leader><controlfield tag="001">000050555</controlfield><controlfield tag="002">20161230</controlfield><controlfield tag="005">20170128000556</controlfield><controlfield tag="008">070911s1000------------r-----000-0-eng-d</controlfield><datafield ind1=" " ind2=" " tag="040"><subfield code="a">IFIN-HH</subfield></datafield><datafield ind1=" " ind2=" " tag="041"><subfield code="a">fre</subfield></datafield><datafield ind1=" " ind2=" " tag="080"><subfield code="a">512</subfield></datafield><datafield ind1="1" ind2=" " tag="100"><subfield code="a">Papelier, G</subfield></datafield><datafield ind1="1" ind2="0" tag="245"><subfield code="a">Precis D'Algebre D'Analyse et de Trigonometrie a l'usages des Eleves de Mathematiques Speciales</subfield></datafield><datafield ind1=" " ind2=" " tag="260"><subfield code="a">Paris</subfield><subfield code="b">Librairie Vuibert</subfield><subfield code="c">1963</subfield></datafield><datafield ind1=" " ind2=" " tag="300"><subfield code="a">473 p</subfield></datafield><datafield ind1=" " ind2="4" tag="650"><subfield code="a">Algebre,Analyse,Trigonometrie</subfield></datafield><datafield ind1=" " ind2=" " tag="852"><subfield code="c">512</subfield></datafield><datafield ind1=" " ind2=" " tag="CAT"><subfield code="a">SYS</subfield><subfield code="c">20170128</subfield><subfield code="h">000556</subfield></datafield></record></collection>